@article{
title={Progress and its sustainability}
author={John McCarthy}
year={1995}
}
